@BOOK{KippenhahnWeigertWeiss,
   author = {{Kippenhahn}, R. and {Weigert}, A. and {Weiss}, A.},
    title = "{Stellar Structure and Evolution}",
 keywords = {Physics},
booktitle = {Stellar Structure and Evolution ~Springer-Verlag Berlin Heidelberg},
     year = 2012,
      doi = {10.1007/978-3-642-30304-3},
   adsurl = {http://adsabs.harvard.edu/abs/2012sse..book.....K},
  adsnote = {Provided by the SAO/NASA Astrophysics Data System}
}

@BOOK{Hansen,
   author = {{Hansen}, C.~J. and {Kawaler}, S.~D. and {Trimble}, V.},
    title = "{Stellar interiors : physical principles, structure, and evolution}",
 keywords = {STELLAR INTERIORS, STELLAR STRUCTURE, STELLAR EVOLUTION},
booktitle = {Stellar interiors : physical principles, structure, and evolution, 2nd ed., ~New York: Springer-Verlag},
     year = 2004,
      doi = {10.1007/978-1-4419-9110-2},
   adsurl = {http://adsabs.harvard.edu/abs/2004sipp.book.....H},
  adsnote = {Provided by the SAO/NASA Astrophysics Data System}
}



@ARTICLE{Angulo,
   author = {{Angulo}, C. and {Arnould}, M. and {Rayet}, M. and {Descouvemont}, P. and 
  {Baye}, D. and {Leclercq-Willain}, C. and {Coc}, A. and {Barhoumi}, S. and 
  {Aguer}, P. and {Rolfs}, C. and {Kunz}, R. and {Hammer}, J.~W. and 
  {Mayer}, A. and {Paradellis}, T. and {Kossionides}, S. and {Chronidou}, C. and 
  {Spyrou}, K. and {degl'Innocenti}, S. and {Fiorentini}, G. and 
  {Ricci}, B. and {Zavatarelli}, S. and {Providencia}, C. and 
  {Wolters}, H. and {Soares}, J. and {Grama}, C. and {Rahighi}, J. and 
  {Shotter}, A. and {Lamehi Rachti}, M.},
    title = "{A compilation of charged-particle induced thermonuclear reaction rates}",
  journal = {Nuclear Physics A},
     year = 1999,
    month = aug,
   volume = 656,
    pages = {3-183},
      doi = {10.1016/S0375-9474(99)00030-5},
   adsurl = {http://adsabs.harvard.edu/abs/1999NuPhA.656....3A},
  adsnote = {Provided by the SAO/NASA Astrophysics Data System}
}



@ARTICLE{Parker,
   author = {{Parker}, P.~D. and {Bahcall}, J.~N. and {Fowler}, W.~A.},
    title = "{Termination of the Proton-Proton Chain in Stellar Interiors.}",
  journal = {\apj},
     year = 1964,
    month = feb,
   volume = 139,
    pages = {602},
      doi = {10.1086/147789},
   adsurl = {http://adsabs.harvard.edu/abs/1964ApJ...139..602P},
  adsnote = {Provided by the SAO/NASA Astrophysics Data System}
}

@ARTICLE{OpacityProject,
   author = {{Badnell}, N.~R. and {Bautista}, M.~A. and {Butler}, K. and 
  {Delahaye}, F. and {Mendoza}, C. and {Palmeri}, P. and {Zeippen}, C.~J. and 
  {Seaton}, M.~J.},
    title = "{Updated opacities from the Opacity Project}",
  journal = {\mnras},
 keywords = {atomic processes, radiative transfer, stars: interiors},
     year = 2005,
    month = jun,
   volume = 360,
    pages = {458-464},
      doi = {10.1111/j.1365-2966.2005.08991.x},
   adsurl = {http://adsabs.harvard.edu/abs/2005MNRAS.360..458B},
  adsnote = {Provided by the SAO/NASA Astrophysics Data System}
}

@misc{EZWeb,
  title = {EZ-Web},
  author = {{Townsend}, R.},
  howpublished = {\url{http://www.astro.wisc.edu/~townsend/static.php?ref=ez-web}},
  note = {Accessed: 2014-12-09}
}